@book{gullikssonHolmgren,
	title = "Hållbar utveckling -- Livskvalitet, beteende och teknik",
	author = "Håkan Gulliksson and Ulf Holmgren",
	isbn = "978-91-44-15145-8",
	publisher = "Studentlitteratur AB",
	address = "Lund",
	year = 2021,
	edition = 4,
}

@article{environmentalImpactOfChatGpt,
	title = "The Environmental Impact of ChatGPT: A Call for Sustainable
	         Practices In AI Development",
	author = "S. McLean",
	url = "https://earth.org/environmental-impact-chatgpt/",
	year = 2023,
	month = 4,
	date = 28,
	note = "hämtad 2025-01-28",
}

@article{carbonFootprintOfChatGpt,
	title = "The Carbon Footprint of ChatGPT",
	author = "K. G. A. Ludvigsen",
	url = "
	       https://towardsdatascience.com/the-carbon-footprint-of-chatgpt-66932314627d
	       ",
	year = 2022,
	month = 12,
	date = 21,
	note = "hämtad 2025-01-28, senast uppdaterad 2023-03-20",
}

@article{googleNetZeroCarbon,
	title = "Net-zero carbon",
	author = "Google LLC",
	url = "https://sustainability.google/operating-sustainably/net-zero-carbon/",
	note = "hämtad 2025-01-28",
}

@article{googleWaterStewardship,
	title = "Water stewardship",
	author = "Google LLC",
	url = "
	       https://sustainability.google/operating-sustainably/water-stewardship/
	       ",
	note = "hämtad 2025-01-28",
}

@article{historyOfAI,
	title = "History of Artificial Intelligence (AI)",
	author = "B. J. Copeland",
	institution = "Encyclopedia Britannica",
	url = "https://www.britannica.com/science/history-of-artificial-intelligence
	       ",
	year = 2024,
	month = 12,
	date = 13,
	note = "hämtad 2025-01-27",
}

@misc{chatGpt,
	title = "ChatGPT",
	author = "OpenAI",
	note = "hämtad 2025-01-27",
	url = "https://chatgpt.com",
}

@misc{copilot,
	title = "GitHub Copilot",
	author = "GitHub",
	note = "hämtad 2025-01-27",
	url = "https://copilot.github.com",
}

@misc{dall-e,
	title = "DALL-E 3",
	author = "OpenAI",
	note = "hämtad 2025-01-27",
	url = "https://openai.com/index/dall-e-3/",
}

@misc{midjourney,
	title = "Midjourney",
	author = "Midjourney",
	note = "hämtad 2025-01-27",
	url = "https://www.midjourney.com/",
}

@misc{tabnine,
	title = "Tabnine",
	author = "Tabnine",
	note = "hämtad 2025-01-27",
	url = "https://www.tabnine.com/",
}

@article{ictFootprints,
	title = "The Energy and Carbon Footprint of the Global ICT and E\&M Sectors
	         2010-2015",
	author = "J. Malmodin and D. Lundén",
	url = "https://www.mdpi.com/2071-1050/10/9/3027/pdf",
	year = 2018,
	month = 08,
	date = 25,
}

@misc{greenSoftwareFoundation,
	title = "Green Software Foundation",
	author = "Green Software Foundation",
	note = "hämtad 2025-01-29",
	url = " https://greensoftware.foundation/ ",
}

@misc{carbonAwareSdk,
	title = "Carbon Aware SDK",
	author = "Green Software Foundation",
	note = "hämtad 2025-01-29",
	url = " https://github.com/Green-Software-Foundation/carbon-aware-sdk ",
}
